@article{Vanderbei1995,
    author = {Vanderbei, Robert J.},
    title = {Symmetric Quasidefinite Matrices},
    journal = {SIAM Journal on Optimization},
    volume = {5},
    number = {1},
    pages = {100-113},
    year = {1995},
    doi = {10.1137/0805005},
}


